@article{jagannathan2005perspective,
  title={Perspective correction methods for camera based document analysis},
  author={Jagannathan, L and Jawahar, CV},
  journal={Proc. First Int. Workshop on Camera-based Document Analysis and Recognition},
  pages={148--154},
  year={2005}
}

@article{rosten2010faster,
  title={Faster and better: A machine learning approach to corner detection},
  author={Rosten, Edward and Porter, Reid and Drummond, Tom},
  journal={Pattern Analysis and Machine Intelligence, IEEE Transactions on},
  volume={32},
  number={1},
  pages={105--119},
  year={2010},
  publisher={IEEE}
}

@article{von2010lsd,
  title={LSD: A fast line segment detector with a false detection control},
  author={Von Gioi, R Grompone and Jakubowicz, Jeremie and Morel, Jean-Michel and Randall, Gregory},
  journal={IEEE Transactions on Pattern Analysis and Machine Intelligence},
  volume={32},
  number={4},
  pages={722--732},
  year={2010},
  publisher={Institute of Electrical and Electronics Engineers, Inc., 345 E. 47 th St. NY NY 10017-2394 USA}
}

@article{akinlar2011edlines,
  title={EDLines: A real-time line segment detector with a false detection control},
  author={Akinlar, Cuneyt and Topal, Cihan},
  journal={Pattern Recognition Letters},
  volume={32},
  number={13},
  pages={1633--1642},
  year={2011},
  publisher={Elsevier}
}
