@article{suzuki1985topological,
  title={Topological structural analysis of digitized binary images by border following},
  author={Suzuki, Satoshi},
  journal={Computer Vision, Graphics, and Image Processing},
  volume={30},
  number={1},
  pages={32--46},
  year={1985},
  publisher={Academic Press}
}

@misc{bulsink2001device,
  title={Device for detecting playing pieces on a board},
  author={Bulsink, B.J.},
  url={https://www.google.com/patents/US6168158},
  year={2001},
  month=jan # "~2",
  publisher={Google Patents},
  note={US Patent 6,168,158}
}

@inproceedings{scher2008making,
  title={Making real games virtual: Tracking board game pieces},
  author={Scher, Steven and Crabb, Ryan and Davis, James},
  booktitle={Pattern Recognition, 2008. ICPR 2008. 19th International Conference on},
  pages={1--4},
  year={2008},
  organization={IEEE}
}

@inproceedings{molla2010augmented,
  title={Augmented reality for board games},
  author={Molla, Eray and Lepetit, Vincent},
  booktitle={Mixed and Augmented Reality (ISMAR), 2010 9th IEEE International Symposium on},
  pages={253--254},
  year={2010},
  organization={IEEE}
}

@article{seewald2010automatic,
  title={Automatic Extraction of Go Game Positions from Images: A Multi-Strategical Approach to Constrained Multi-Object Recognition},
  author={Seewald, Alexander K},
  journal={Applied Artificial Intelligence},
  volume={24},
  number={3},
  pages={233--252},
  year={2010},
  publisher={Taylor \& Francis}
}

@article{hirsimaki2005extracting,
  title={Extracting Go Game Positions from Photographs},
  author={Hirsim{\"a}ki, Teemu},
  journal={Helsinki University of Technology, Tech. Rep},
  year={2005}
}

@article{von2012lsd,
  title={LSD: a line segment detector},
  author={Von Gioi, R Grompone and Jakubowicz, Jeremie and Morel, Jean-Michel and Randall, Gregory},
  journal={Image Processing On Line},
  volume={2},
  number={3},
  pages={5},
  year={2012}
}

@incollection{rosten2006machine,
  title={Machine learning for high-speed corner detection},
  author={Rosten, Edward and Drummond, Tom},
  booktitle={Computer Vision--ECCV 2006},
  pages={430--443},
  year={2006},
  publisher={Springer}
}

@misc{antutuBench,
  author = {\relax AnTuTu Hong Kong},
  title = {Mobile Ranking},
  howpublished = "\url{http://www.antutu.com/en/Ranking.shtml?cmd=mobile&page=1}",
  year = {2015},
  note = "Accessed on 17-May-2015"
}

@misc{primateBench,
  author = {\relax Primate Labs Inc.},
  title = {Android Benchmarks},
  howpublished = "\url{https://browser.primatelabs.com/android-benchmarks}",
  year = {2015},
  note = "Accessed on 17-May-2015"
}

@article{telea2004image,
  title={An image inpainting technique based on the fast marching method},
  author={Telea, Alexandru},
  journal={Journal of graphics tools},
  volume={9},
  number={1},
  pages={23--34},
  year={2004},
  publisher={Taylor \& Francis}
}

@article{fischler1981random,
  title={Random sample consensus: a paradigm for model fitting with applications to image analysis and automated cartography},
  author={Fischler, Martin A and Bolles, Robert C},
  journal={Communications of the ACM},
  volume={24},
  number={6},
  pages={381--395},
  year={1981},
  publisher={ACM}
}

@book{mihori1939japanese,
  title={Japanese Game of ``Go''},
  author={Mihori, F. and Iwad{\=o}, Z.T. and Japan. Kokusai Kank{\=o}kyoku},
  lccn={40000319},
  year={1939},
  publisher={Board of tourist industry, Japanese government railways, Maruzen}
}
